<record><leader>00000cas a22000007a 4500</leader><controlfield tag="001">13733883</controlfield><controlfield tag="008">860616d19271945mtuwr ne      0    0eng d</controlfield><datafield ind1=" " ind2=" " tag="010"><subfield code="a">sn 86075221 </subfield></datafield><datafield ind1=" " ind2=" " tag="040"><subfield code="a">MTL</subfield><subfield code="b">eng</subfield><subfield code="c">MTL</subfield><subfield code="d">OCLCQ</subfield></datafield><datafield ind1=" " ind2=" " tag="042"><subfield code="a">msc</subfield></datafield><datafield ind1="0" ind2=" " tag="130"><subfield code="a">Evening bulletin (Deer Lodge, Mont.)</subfield></datafield><datafield ind1="1" ind2="4" tag="245"><subfield code="a">The Evening bulletin.</subfield></datafield><datafield ind1=" " ind2=" " tag="260"><subfield code="a">Deer Lodge, Mont. :</subfield><subfield code="b">[s.n.],</subfield><subfield code="c">1927-1945.</subfield></datafield><datafield ind1=" " ind2=" " tag="300"><subfield code="a">19 v. :</subfield><subfield code="b">ill. ;</subfield><subfield code="c">38-56 cm.</subfield></datafield><datafield ind1=" " ind2=" " tag="310"><subfield code="a">Weekly,</subfield><subfield code="b">Aug. 14, 1942-July 27, 1945</subfield></datafield><datafield ind1=" " ind2=" " tag="321"><subfield code="a">Daily (except Thur. &amp; Sun.),</subfield><subfield code="b">Jan. 31, 1927-Nov. 16, 1932</subfield></datafield><datafield ind1=" " ind2=" " tag="321"><subfield code="a">3 times a week,</subfield><subfield code="b">Nov. 18, 1932-Mar. 8, 1933</subfield></datafield><datafield ind1=" " ind2=" " tag="321"><subfield code="a">Semiweekly,</subfield><subfield code="b">Mar. 10, 1933-Aug. 7, 1942</subfield></datafield><datafield ind1="0" ind2=" " tag="362"><subfield code="a">Vol. 1, no. 1 (Jan. 31, 1927)-v. 19, no. 26 (July 27, 1945).</subfield></datafield><datafield ind1=" " ind2=" " tag="500"><subfield code="a">Free distribution in the Deer Lodge area.</subfield></datafield><datafield ind1=" " ind2=" " tag="580"><subfield code="a">Other edition available: Silver state post.</subfield></datafield><datafield ind1=" " ind2=" " tag="752"><subfield code="a">United States</subfield><subfield code="b">Montana</subfield><subfield code="c">Powell</subfield><subfield code="d">Deer Lodge.</subfield></datafield><datafield ind1="1" ind2=" " tag="775"><subfield code="t">Silver state post</subfield><subfield code="w">(DLC)sn 84036254</subfield></datafield><datafield ind1="0" ind2="4" tag="785"><subfield code="t">Silver state post</subfield><subfield code="g">Aug. 3, 1945</subfield><subfield code="w">(DLC)sn 84036254</subfield></datafield></record>